
@misc{SI_ref,
	note = "See Supplemental Material."
}

@article{dadhichi2020nonmutual,
  title = {Nonmutual torques and the unimportance of motility for long-range order in two-dimensional flocks},
  author = {Dadhichi, Lokrshi Prawar and Kethapelli, Jitendra and Chajwa, Rahul and Ramaswamy, Sriram and Maitra, Ananyo},
  journal = {Phys. Rev. E},
  volume = {101},
  issue = {5},
  pages = {052601},
  numpages = {13},
  year = {2020},
  month = {May},
  publisher = {American Physical Society},
  doi = {10.1103/PhysRevE.101.052601},
  url = {https://link.aps.org/doi/10.1103/PhysRevE.101.052601}
}
